@Book{raymond1999the,
 author = {Raymond, Eric},
 title = {The cathedral & the bazaar musings on Linux and open source by an accidental revolutionary},
 publisher = {O'Reilly},
 year = {1999},
 address = {Beijing},
 isbn = {1-565-92724-9}
 }

@book{9786073206037,
  Author =	 {Ian Sommerville},
  Title =	 {Ingeniería de software (Spanish Edition)},
  Publisher =	 {Pearson (México)},
  Year =	 {2012},
  ISBN =	 {6073206038}
}

@article{crowston2005social,
  title =	 {The social structure of free and open source
                  software development},
  author =	 {Crowston, Kevin and Howison, James},
  journal =	 {First Monday},
  volume =	 {10},
  number =	 {2},
  year =	 {2005}
}

@article{ryan2009development,
  title =	 {Development of a team measure for tacit knowledge in
                  software development teams},
  author =	 {Ryan, Sharon and O’Connor, Rory V},
  journal =	 {Journal of Systems and Software},
  volume =	 {82},
  number =	 {2},
  pages =	 {229--240},
  year =	 {2009},
  publisher =	 {Elsevier}
}
		
@inproceedings{ehrlich2007seeing,
  title =	 {Seeing inside: Using social network analysis to
                  understand patterns of collaboration and
                  coordination in global software teams},
  author =	 {Ehrlich, Kate and Valetto, Giuseppe and Helander,
                  Mary},
  booktitle =	 {Global Software Engineering, 2007. ICGSE
                  2007. Second IEEE International Conference on},
  pages =	 {297--298},
  year =	 {2007},
  organization = {IEEE}
}
	    